
@misc{introduction_astar,
  title = {Introduction to {{A}}*},
  timestamp = {2016-04-16T18:17:09Z},
  urldate = {2016-04-16},
  howpublished = {\url{http://theory.stanford.edu/~amitp/GameProgramming/AStarComparison.html}},
  file = {Introduction to A*:/media/Storage2/Literature/Zotero/storage/WBJXCX4Z/AStarComparison.html:}
}

@book{choset_principles_2005,
  address = {Cambridge, Mass},
  series = {Intelligent robotics and autonomous agents},
  title = {Principles of robot motion: theory, algorithms, and implementation},
  isbn = {978-0-262-03327-5},
  lccn = {TJ211.4 .P75 2005},
  shorttitle = {Principles of robot motion},
  timestamp = {2016-04-16T18:27:01Z},
  publisher = {{MIT Press}},
  editor = {Choset, Howie M.},
  year = {2005},
  keywords = {Motion,Robots}
}


